<?xml version="1.0" encoding="UTF-8"?><collection xmlns="http://www.loc.gov/MARC21/slim"><record><leader>00449nam--2200133-i-4500</leader><controlfield tag="001">000005835</controlfield><controlfield tag="002">20161230</controlfield><controlfield tag="005">20161230201026</controlfield><controlfield tag="008">060222s1000------------r-----000-0-eng-d</controlfield><datafield ind1=" " ind2=" " tag="100"><subfield code="a">Aston,G.H.,Marsch ,A.R.S.And Barnard, G.P</subfield></datafield><datafield ind1=" " ind2=" " tag="245"><subfield code="a">Effects of variation in the ambient air on the calibration and use of ionization doseme ters</subfield></datafield><datafield ind1=" " ind2=" " tag="260"><subfield code="a">London, Her Majesty S Stationery Office, 1960 30p</subfield></datafield><datafield ind1=" " ind2=" " tag="490"><subfield code="a">National Physical Laboratory</subfield></datafield><datafield ind1=" " ind2=" " tag="852"><subfield code="a">17252</subfield></datafield></record></collection>